<record><leader>00000cas a22000007a 4500</leader><controlfield tag="001">19293582</controlfield><controlfield tag="008">890303d18921893iduwr ne      0    0eng d</controlfield><datafield ind1=" " ind2=" " tag="010"><subfield code="a">sn 89055058 </subfield></datafield><datafield ind1=" " ind2=" " tag="040"><subfield code="a">NVB</subfield><subfield code="b">eng</subfield><subfield code="c">NVB</subfield><subfield code="d">OCLCQ</subfield><subfield code="d">OCLCF</subfield><subfield code="d">OCLCO</subfield></datafield><datafield ind1=" " ind2=" " tag="042"><subfield code="a">msc</subfield></datafield><datafield ind1=" " ind2=" " tag="043"><subfield code="a">n-us-id</subfield></datafield><datafield ind1="0" ind2="4" tag="245"><subfield code="a">The Statesman, and Coeur d'Alene mining record.</subfield></datafield><datafield ind1="1" ind2="7" tag="246"><subfield code="a">Coeur d'Alene statesman</subfield></datafield><datafield ind1=" " ind2=" " tag="260"><subfield code="a">Osburn, Idaho :</subfield><subfield code="b">[s.n.]</subfield></datafield><datafield ind1=" " ind2=" " tag="300"><subfield code="a">v.</subfield></datafield><datafield ind1=" " ind2=" " tag="310"><subfield code="a">Weekly</subfield></datafield><datafield ind1="1" ind2=" " tag="362"><subfield code="a">Began with Nov. 12, 1892 issue; ceased with Feb. 4, 1893 issue.</subfield></datafield><datafield ind1=" " ind2=" " tag="588"><subfield code="a">Description based on: Vol. 2, no. 40 (Nov. 19, 1892).</subfield></datafield><datafield ind1=" " ind2="0" tag="651"><subfield code="a">Osburn (Idaho)</subfield><subfield code="v">Newspapers.</subfield></datafield><datafield ind1=" " ind2="7" tag="655"><subfield code="a">Newspapers.</subfield><subfield code="2">fast</subfield><subfield code="0">(OCoLC)fst01423814</subfield></datafield><datafield ind1=" " ind2="7" tag="651"><subfield code="a">Idaho</subfield><subfield code="z">Osburn.</subfield><subfield code="2">fast</subfield><subfield code="0">(OCoLC)fst01288684</subfield></datafield><datafield ind1=" " ind2=" " tag="752"><subfield code="a">United States</subfield><subfield code="b">Idaho</subfield><subfield code="c">Shoshone</subfield><subfield code="d">Osburn.</subfield></datafield><datafield ind1="0" ind2="0" tag="780"><subfield code="t">Coeur d'Alene statesman</subfield><subfield code="w">(DLC)sn 89055052</subfield></datafield><datafield ind1="0" ind2="0" tag="785"><subfield code="t">Statesman</subfield><subfield code="w">(DLC)sn 89055059</subfield></datafield></record>